<?xml version="1.0" encoding="UTF-8"?><collection xmlns="http://www.loc.gov/MARC21/slim"><record><leader>00311nam--2200121-i-4500</leader><controlfield tag="001">000006343</controlfield><controlfield tag="002">20161230</controlfield><controlfield tag="005">20161230201026</controlfield><controlfield tag="008">060222s1000------------r-----000-0-eng-d</controlfield><datafield ind1=" " ind2=" " tag="080"><subfield code="a">016:54</subfield></datafield><datafield ind1=" " ind2=" " tag="245"><subfield code="a">Bibliography of chemical review.vol.3</subfield></datafield><datafield ind1=" " ind2=" " tag="260"><subfield code="a">Columbus,American Chemical Society,1959. 106p</subfield></datafield><datafield ind1=" " ind2=" " tag="852"><subfield code="a">D.LO57</subfield></datafield></record></collection>